%YAML 1.1
%TAG !u! tag:unity3d.com,2011:
--- !u!1 &105679940946318110
GameObject:
  m_ObjectHideFlags: 0
  m_CorrespondingSourceObject: {fileID: 0}
  m_PrefabInstance: {fileID: 0}
  m_PrefabAsset: {fileID: 0}
  serializedVersion: 6
  m_Component:
  - component: {fileID: 105679940946318111}
  m_Layer: 0
  m_Name: Obstacle3
  m_TagString: Untagged
  m_Icon: {fileID: 0}
  m_NavMeshLayer: 0
  m_StaticEditorFlags: 0
  m_IsActive: 1
--- !u!4 &105679940946318111
Transform:
  m_ObjectHideFlags: 0
  m_CorrespondingSourceObject: {fileID: 0}
  m_PrefabInstance: {fileID: 0}
  m_PrefabAsset: {fileID: 0}
  m_GameObject: {fileID: 105679940946318110}
  m_LocalRotation: {x: 0, y: 0, z: 0, w: 1}
  m_LocalPosition: {x: 0, y: 0, z: 0}
  m_LocalScale: {x: 0.6, y: 0.6, z: 0.6}
  m_Children:
  - {fileID: 1827192190875995263}
  - {fileID: 2977321441412222673}
  - {fileID: 8072854008719548044}
  - {fileID: 2977321441801663537}
  - {fileID: 4430742680372328927}
  - {fileID: 8072854008800685587}
  - {fileID: 2319917081492400971}
  - {fileID: 8700941355738620431}
  - {fileID: 555888968080111786}
  - {fileID: 5991913450467143841}
  - {fileID: 5517068545609113720}
  - {fileID: 1731171527658035023}
  - {fileID: 7151962000832392126}
  - {fileID: 7419601546995767245}
  m_Father: {fileID: 0}
  m_RootOrder: 0
  m_LocalEulerAnglesHint: {x: 0, y: 0, z: 0}
--- !u!1001 &105679940340857470
PrefabInstance:
  m_ObjectHideFlags: 0
  serializedVersion: 2
  m_Modification:
    m_TransformParent: {fileID: 105679940946318111}
    m_Modifications:
    - target: {fileID: 2893247523246386002, guid: 3c230d2e81311674184de2ff0fee559e,
        type: 3}
      propertyPath: m_Name
      value: MiddleBuilding
      objectReference: {fileID: 0}
    - target: {fileID: 2893247523246388399, guid: 3c230d2e81311674184de2ff0fee559e,
        type: 3}
      propertyPath: m_LocalPosition.x
      value: -1.42
      objectReference: {fileID: 0}
    - target: {fileID: 2893247523246388399, guid: 3c230d2e81311674184de2ff0fee559e,
        type: 3}
      propertyPath: m_LocalPosition.y
      value: 7.37
      objectReference: {fileID: 0}
    - target: {fileID: 2893247523246388399, guid: 3c230d2e81311674184de2ff0fee559e,
        type: 3}
      propertyPath: m_LocalPosition.z
      value: -6.98
      objectReference: {fileID: 0}
    - target: {fileID: 2893247523246388399, guid: 3c230d2e81311674184de2ff0fee559e,
        type: 3}
      propertyPath: m_LocalRotation.x
      value: 0
      objectReference: {fileID: 0}
    - target: {fileID: 2893247523246388399, guid: 3c230d2e81311674184de2ff0fee559e,
        type: 3}
      propertyPath: m_LocalRotation.y
      value: -0.7071068
      objectReference: {fileID: 0}
    - target: {fileID: 2893247523246388399, guid: 3c230d2e81311674184de2ff0fee559e,
        type: 3}
      propertyPath: m_LocalRotation.z
      value: 0
      objectReference: {fileID: 0}
    - target: {fileID: 2893247523246388399, guid: 3c230d2e81311674184de2ff0fee559e,
        type: 3}
      propertyPath: m_LocalRotation.w
      value: 0.7071068
      objectReference: {fileID: 0}
    - target: {fileID: 2893247523246388399, guid: 3c230d2e81311674184de2ff0fee559e,
        type: 3}
      propertyPath: m_RootOrder
      value: 1
      objectReference: {fileID: 0}
    - target: {fileID: 2893247523246388399, guid: 3c230d2e81311674184de2ff0fee559e,
        type: 3}
      propertyPath: m_LocalEulerAnglesHint.x
      value: 0
      objectReference: {fileID: 0}
    - target: {fileID: 2893247523246388399, guid: 3c230d2e81311674184de2ff0fee559e,
        type: 3}
      propertyPath: m_LocalEulerAnglesHint.y
      value: -90
      objectReference: {fileID: 0}
    - target: {fileID: 2893247523246388399, guid: 3c230d2e81311674184de2ff0fee559e,
        type: 3}
      propertyPath: m_LocalEulerAnglesHint.z
      value: 0
      objectReference: {fileID: 0}
    - target: {fileID: 2893247523246386003, guid: 3c230d2e81311674184de2ff0fee559e,
        type: 3}
      propertyPath: m_Mesh
      value: 
      objectReference: {fileID: 0}
    - target: {fileID: 2893247523246388398, guid: 3c230d2e81311674184de2ff0fee559e,
        type: 3}
      propertyPath: m_Mesh
      value: 
      objectReference: {fileID: 0}
    - target: {fileID: 8245857095851672794, guid: 3c230d2e81311674184de2ff0fee559e,
        type: 3}
      propertyPath: m_Mesh
      value: 
      objectReference: {fileID: 0}
    - target: {fileID: 8245857095851672793, guid: 3c230d2e81311674184de2ff0fee559e,
        type: 3}
      propertyPath: m_Mesh
      value: 
      objectReference: {fileID: 0}
    - target: {fileID: 989641485949279907, guid: 3c230d2e81311674184de2ff0fee559e,
        type: 3}
      propertyPath: m_Mesh
      value: 
      objectReference: {fileID: 0}
    - target: {fileID: 989641485949279904, guid: 3c230d2e81311674184de2ff0fee559e,
        type: 3}
      propertyPath: m_Mesh
      value: 
      objectReference: {fileID: 0}
    - target: {fileID: 7679329038031887634, guid: 3c230d2e81311674184de2ff0fee559e,
        type: 3}
      propertyPath: m_Mesh
      value: 
      objectReference: {fileID: 0}
    - target: {fileID: 7679329038031887633, guid: 3c230d2e81311674184de2ff0fee559e,
        type: 3}
      propertyPath: m_Mesh
      value: 
      objectReference: {fileID: 0}
    - target: {fileID: 6686697090129714202, guid: 3c230d2e81311674184de2ff0fee559e,
        type: 3}
      propertyPath: m_Mesh
      value: 
      objectReference: {fileID: 0}
    - target: {fileID: 6686697090129714201, guid: 3c230d2e81311674184de2ff0fee559e,
        type: 3}
      propertyPath: m_Mesh
      value: 
      objectReference: {fileID: 0}
    m_RemovedComponents: []
  m_SourcePrefab: {fileID: 100100000, guid: 3c230d2e81311674184de2ff0fee559e, type: 3}
--- !u!4 &2977321441412222673 stripped
Transform:
  m_CorrespondingSourceObject: {fileID: 2893247523246388399, guid: 3c230d2e81311674184de2ff0fee559e,
    type: 3}
  m_PrefabInstance: {fileID: 105679940340857470}
  m_PrefabAsset: {fileID: 0}
--- !u!1001 &105679940388142733
PrefabInstance:
  m_ObjectHideFlags: 0
  serializedVersion: 2
  m_Modification:
    m_TransformParent: {fileID: 105679940946318111}
    m_Modifications:
    - target: {fileID: 4326371163391985577, guid: 616833b7e357d324298b30c161dbc38f,
        type: 3}
      propertyPath: m_Name
      value: TopBuilding
      objectReference: {fileID: 0}
    - target: {fileID: 4326371163391985490, guid: 616833b7e357d324298b30c161dbc38f,
        type: 3}
      propertyPath: m_LocalPosition.x
      value: -1.5900002
      objectReference: {fileID: 0}
    - target: {fileID: 4326371163391985490, guid: 616833b7e357d324298b30c161dbc38f,
        type: 3}
      propertyPath: m_LocalPosition.y
      value: 35.79
      objectReference: {fileID: 0}
    - target: {fileID: 4326371163391985490, guid: 616833b7e357d324298b30c161dbc38f,
        type: 3}
      propertyPath: m_LocalPosition.z
      value: -6.91
      objectReference: {fileID: 0}
    - target: {fileID: 4326371163391985490, guid: 616833b7e357d324298b30c161dbc38f,
        type: 3}
      propertyPath: m_LocalRotation.x
      value: 0
      objectReference: {fileID: 0}
    - target: {fileID: 4326371163391985490, guid: 616833b7e357d324298b30c161dbc38f,
        type: 3}
      propertyPath: m_LocalRotation.y
      value: -0.7071068
      objectReference: {fileID: 0}
    - target: {fileID: 4326371163391985490, guid: 616833b7e357d324298b30c161dbc38f,
        type: 3}
      propertyPath: m_LocalRotation.z
      value: 0
      objectReference: {fileID: 0}
    - target: {fileID: 4326371163391985490, guid: 616833b7e357d324298b30c161dbc38f,
        type: 3}
      propertyPath: m_LocalRotation.w
      value: 0.7071068
      objectReference: {fileID: 0}
    - target: {fileID: 4326371163391985490, guid: 616833b7e357d324298b30c161dbc38f,
        type: 3}
      propertyPath: m_RootOrder
      value: 4
      objectReference: {fileID: 0}
    - target: {fileID: 4326371163391985490, guid: 616833b7e357d324298b30c161dbc38f,
        type: 3}
      propertyPath: m_LocalEulerAnglesHint.x
      value: 0
      objectReference: {fileID: 0}
    - target: {fileID: 4326371163391985490, guid: 616833b7e357d324298b30c161dbc38f,
        type: 3}
      propertyPath: m_LocalEulerAnglesHint.y
      value: -90
      objectReference: {fileID: 0}
    - target: {fileID: 4326371163391985490, guid: 616833b7e357d324298b30c161dbc38f,
        type: 3}
      propertyPath: m_LocalEulerAnglesHint.z
      value: 0
      objectReference: {fileID: 0}
    - target: {fileID: 4326371163391985581, guid: 616833b7e357d324298b30c161dbc38f,
        type: 3}
      propertyPath: m_Mesh
      value: 
      objectReference: {fileID: 0}
    - target: {fileID: 4326371163391985582, guid: 616833b7e357d324298b30c161dbc38f,
        type: 3}
      propertyPath: m_Mesh
      value: 
      objectReference: {fileID: 0}
    m_RemovedComponents: []
  m_SourcePrefab: {fileID: 100100000, guid: 616833b7e357d324298b30c161dbc38f, type: 3}
--- !u!4 &4430742680372328927 stripped
Transform:
  m_CorrespondingSourceObject: {fileID: 4326371163391985490, guid: 616833b7e357d324298b30c161dbc38f,
    type: 3}
  m_PrefabInstance: {fileID: 105679940388142733}
  m_PrefabAsset: {fileID: 0}
--- !u!1001 &105679941023283149
PrefabInstance:
  m_ObjectHideFlags: 0
  serializedVersion: 2
  m_Modification:
    m_TransformParent: {fileID: 105679940946318111}
    m_Modifications:
    - target: {fileID: 8178531057699953113, guid: ea2901911d13b7b4c84d2ab024685c9e,
        type: 3}
      propertyPath: m_Name
      value: EmptyBuilding (1)
      objectReference: {fileID: 0}
    - target: {fileID: 8178531057699953118, guid: ea2901911d13b7b4c84d2ab024685c9e,
        type: 3}
      propertyPath: m_LocalPosition.x
      value: 5.3499994
      objectReference: {fileID: 0}
    - target: {fileID: 8178531057699953118, guid: ea2901911d13b7b4c84d2ab024685c9e,
        type: 3}
      propertyPath: m_LocalPosition.y
      value: 29.03
      objectReference: {fileID: 0}
    - target: {fileID: 8178531057699953118, guid: ea2901911d13b7b4c84d2ab024685c9e,
        type: 3}
      propertyPath: m_LocalPosition.z
      value: -6.5000005
      objectReference: {fileID: 0}
    - target: {fileID: 8178531057699953118, guid: ea2901911d13b7b4c84d2ab024685c9e,
        type: 3}
      propertyPath: m_LocalRotation.x
      value: 0
      objectReference: {fileID: 0}
    - target: {fileID: 8178531057699953118, guid: ea2901911d13b7b4c84d2ab024685c9e,
        type: 3}
      propertyPath: m_LocalRotation.y
      value: -0.7071068
      objectReference: {fileID: 0}
    - target: {fileID: 8178531057699953118, guid: ea2901911d13b7b4c84d2ab024685c9e,
        type: 3}
      propertyPath: m_LocalRotation.z
      value: 0
      objectReference: {fileID: 0}
    - target: {fileID: 8178531057699953118, guid: ea2901911d13b7b4c84d2ab024685c9e,
        type: 3}
      propertyPath: m_LocalRotation.w
      value: 0.7071068
      objectReference: {fileID: 0}
    - target: {fileID: 8178531057699953118, guid: ea2901911d13b7b4c84d2ab024685c9e,
        type: 3}
      propertyPath: m_RootOrder
      value: 5
      objectReference: {fileID: 0}
    - target: {fileID: 8178531057699953118, guid: ea2901911d13b7b4c84d2ab024685c9e,
        type: 3}
      propertyPath: m_LocalEulerAnglesHint.x
      value: 0
      objectReference: {fileID: 0}
    - target: {fileID: 8178531057699953118, guid: ea2901911d13b7b4c84d2ab024685c9e,
        type: 3}
      propertyPath: m_LocalEulerAnglesHint.y
      value: -90
      objectReference: {fileID: 0}
    - target: {fileID: 8178531057699953118, guid: ea2901911d13b7b4c84d2ab024685c9e,
        type: 3}
      propertyPath: m_LocalEulerAnglesHint.z
      value: 0
      objectReference: {fileID: 0}
    - target: {fileID: 8178531057699953118, guid: ea2901911d13b7b4c84d2ab024685c9e,
        type: 3}
      propertyPath: m_LocalScale.x
      value: 1.2451165
      objectReference: {fileID: 0}
    - target: {fileID: 8178531057699953118, guid: ea2901911d13b7b4c84d2ab024685c9e,
        type: 3}
      propertyPath: m_LocalScale.y
      value: 0.9999998
      objectReference: {fileID: 0}
    - target: {fileID: 8178531057699953118, guid: ea2901911d13b7b4c84d2ab024685c9e,
        type: 3}
      propertyPath: m_LocalScale.z
      value: 0.6133666
      objectReference: {fileID: 0}
    - target: {fileID: 8178531057699953117, guid: ea2901911d13b7b4c84d2ab024685c9e,
        type: 3}
      propertyPath: m_Mesh
      value: 
      objectReference: {fileID: 0}
    - target: {fileID: 8178531057699953114, guid: ea2901911d13b7b4c84d2ab024685c9e,
        type: 3}
      propertyPath: m_Mesh
      value: 
      objectReference: {fileID: 0}
    m_RemovedComponents: []
  m_SourcePrefab: {fileID: 100100000, guid: ea2901911d13b7b4c84d2ab024685c9e, type: 3}
--- !u!4 &8072854008800685587 stripped
Transform:
  m_CorrespondingSourceObject: {fileID: 8178531057699953118, guid: ea2901911d13b7b4c84d2ab024685c9e,
    type: 3}
  m_PrefabInstance: {fileID: 105679941023283149}
  m_PrefabAsset: {fileID: 0}
--- !u!1001 &105679941146085202
PrefabInstance:
  m_ObjectHideFlags: 0
  serializedVersion: 2
  m_Modification:
    m_TransformParent: {fileID: 105679940946318111}
    m_Modifications:
    - target: {fileID: 8178531057699953113, guid: ea2901911d13b7b4c84d2ab024685c9e,
        type: 3}
      propertyPath: m_Name
      value: EmptyBuilding
      objectReference: {fileID: 0}
    - target: {fileID: 8178531057699953118, guid: ea2901911d13b7b4c84d2ab024685c9e,
        type: 3}
      propertyPath: m_LocalPosition.x
      value: 5.35
      objectReference: {fileID: 0}
    - target: {fileID: 8178531057699953118, guid: ea2901911d13b7b4c84d2ab024685c9e,
        type: 3}
      propertyPath: m_LocalPosition.y
      value: 14.8
      objectReference: {fileID: 0}
    - target: {fileID: 8178531057699953118, guid: ea2901911d13b7b4c84d2ab024685c9e,
        type: 3}
      propertyPath: m_LocalPosition.z
      value: -6.4999995
      objectReference: {fileID: 0}
    - target: {fileID: 8178531057699953118, guid: ea2901911d13b7b4c84d2ab024685c9e,
        type: 3}
      propertyPath: m_LocalRotation.x
      value: 0
      objectReference: {fileID: 0}
    - target: {fileID: 8178531057699953118, guid: ea2901911d13b7b4c84d2ab024685c9e,
        type: 3}
      propertyPath: m_LocalRotation.y
      value: -0.7071068
      objectReference: {fileID: 0}
    - target: {fileID: 8178531057699953118, guid: ea2901911d13b7b4c84d2ab024685c9e,
        type: 3}
      propertyPath: m_LocalRotation.z
      value: 0
      objectReference: {fileID: 0}
    - target: {fileID: 8178531057699953118, guid: ea2901911d13b7b4c84d2ab024685c9e,
        type: 3}
      propertyPath: m_LocalRotation.w
      value: 0.7071068
      objectReference: {fileID: 0}
    - target: {fileID: 8178531057699953118, guid: ea2901911d13b7b4c84d2ab024685c9e,
        type: 3}
      propertyPath: m_RootOrder
      value: 2
      objectReference: {fileID: 0}
    - target: {fileID: 8178531057699953118, guid: ea2901911d13b7b4c84d2ab024685c9e,
        type: 3}
      propertyPath: m_LocalEulerAnglesHint.x
      value: 0
      objectReference: {fileID: 0}
    - target: {fileID: 8178531057699953118, guid: ea2901911d13b7b4c84d2ab024685c9e,
        type: 3}
      propertyPath: m_LocalEulerAnglesHint.y
      value: -90
      objectReference: {fileID: 0}
    - target: {fileID: 8178531057699953118, guid: ea2901911d13b7b4c84d2ab024685c9e,
        type: 3}
      propertyPath: m_LocalEulerAnglesHint.z
      value: 0
      objectReference: {fileID: 0}
    - target: {fileID: 8178531057699953118, guid: ea2901911d13b7b4c84d2ab024685c9e,
        type: 3}
      propertyPath: m_LocalScale.x
      value: 1.245113
      objectReference: {fileID: 0}
    - target: {fileID: 8178531057699953118, guid: ea2901911d13b7b4c84d2ab024685c9e,
        type: 3}
      propertyPath: m_LocalScale.y
      value: 1
      objectReference: {fileID: 0}
    - target: {fileID: 8178531057699953118, guid: ea2901911d13b7b4c84d2ab024685c9e,
        type: 3}
      propertyPath: m_LocalScale.z
      value: 0.6133654
      objectReference: {fileID: 0}
    - target: {fileID: 8178531057699953117, guid: ea2901911d13b7b4c84d2ab024685c9e,
        type: 3}
      propertyPath: m_Mesh
      value: 
      objectReference: {fileID: 0}
    - target: {fileID: 8178531057699953114, guid: ea2901911d13b7b4c84d2ab024685c9e,
        type: 3}
      propertyPath: m_Mesh
      value: 
      objectReference: {fileID: 0}
    m_RemovedComponents: []
  m_SourcePrefab: {fileID: 100100000, guid: ea2901911d13b7b4c84d2ab024685c9e, type: 3}
--- !u!4 &8072854008719548044 stripped
Transform:
  m_CorrespondingSourceObject: {fileID: 8178531057699953118, guid: ea2901911d13b7b4c84d2ab024685c9e,
    type: 3}
  m_PrefabInstance: {fileID: 105679941146085202}
  m_PrefabAsset: {fileID: 0}
--- !u!1001 &105679941262950558
PrefabInstance:
  m_ObjectHideFlags: 0
  serializedVersion: 2
  m_Modification:
    m_TransformParent: {fileID: 105679940946318111}
    m_Modifications:
    - target: {fileID: 2893247523246386002, guid: 3c230d2e81311674184de2ff0fee559e,
        type: 3}
      propertyPath: m_Name
      value: MiddleBuilding (1)
      objectReference: {fileID: 0}
    - target: {fileID: 2893247523246388399, guid: 3c230d2e81311674184de2ff0fee559e,
        type: 3}
      propertyPath: m_LocalPosition.x
      value: -1.4200001
      objectReference: {fileID: 0}
    - target: {fileID: 2893247523246388399, guid: 3c230d2e81311674184de2ff0fee559e,
        type: 3}
      propertyPath: m_LocalPosition.y
      value: 21.51
      objectReference: {fileID: 0}
    - target: {fileID: 2893247523246388399, guid: 3c230d2e81311674184de2ff0fee559e,
        type: 3}
      propertyPath: m_LocalPosition.z
      value: -6.9799995
      objectReference: {fileID: 0}
    - target: {fileID: 2893247523246388399, guid: 3c230d2e81311674184de2ff0fee559e,
        type: 3}
      propertyPath: m_LocalRotation.x
      value: 0
      objectReference: {fileID: 0}
    - target: {fileID: 2893247523246388399, guid: 3c230d2e81311674184de2ff0fee559e,
        type: 3}
      propertyPath: m_LocalRotation.y
      value: -0.7071068
      objectReference: {fileID: 0}
    - target: {fileID: 2893247523246388399, guid: 3c230d2e81311674184de2ff0fee559e,
        type: 3}
      propertyPath: m_LocalRotation.z
      value: 0
      objectReference: {fileID: 0}
    - target: {fileID: 2893247523246388399, guid: 3c230d2e81311674184de2ff0fee559e,
        type: 3}
      propertyPath: m_LocalRotation.w
      value: 0.7071068
      objectReference: {fileID: 0}
    - target: {fileID: 2893247523246388399, guid: 3c230d2e81311674184de2ff0fee559e,
        type: 3}
      propertyPath: m_RootOrder
      value: 3
      objectReference: {fileID: 0}
    - target: {fileID: 2893247523246388399, guid: 3c230d2e81311674184de2ff0fee559e,
        type: 3}
      propertyPath: m_LocalEulerAnglesHint.x
      value: 0
      objectReference: {fileID: 0}
    - target: {fileID: 2893247523246388399, guid: 3c230d2e81311674184de2ff0fee559e,
        type: 3}
      propertyPath: m_LocalEulerAnglesHint.y
      value: -90
      objectReference: {fileID: 0}
    - target: {fileID: 2893247523246388399, guid: 3c230d2e81311674184de2ff0fee559e,
        type: 3}
      propertyPath: m_LocalEulerAnglesHint.z
      value: 0
      objectReference: {fileID: 0}
    - target: {fileID: 2893247523246388399, guid: 3c230d2e81311674184de2ff0fee559e,
        type: 3}
      propertyPath: m_LocalScale.x
      value: 1.3372998
      objectReference: {fileID: 0}
    - target: {fileID: 2893247523246388399, guid: 3c230d2e81311674184de2ff0fee559e,
        type: 3}
      propertyPath: m_LocalScale.y
      value: 7.735699
      objectReference: {fileID: 0}
    - target: {fileID: 2893247523246388399, guid: 3c230d2e81311674184de2ff0fee559e,
        type: 3}
      propertyPath: m_LocalScale.z
      value: 0.74276656
      objectReference: {fileID: 0}
    - target: {fileID: 2893247523246386003, guid: 3c230d2e81311674184de2ff0fee559e,
        type: 3}
      propertyPath: m_Mesh
      value: 
      objectReference: {fileID: 0}
    - target: {fileID: 2893247523246388398, guid: 3c230d2e81311674184de2ff0fee559e,
        type: 3}
      propertyPath: m_Mesh
      value: 
      objectReference: {fileID: 0}
    - target: {fileID: 8245857095851672794, guid: 3c230d2e81311674184de2ff0fee559e,
        type: 3}
      propertyPath: m_Mesh
      value: 
      objectReference: {fileID: 0}
    - target: {fileID: 8245857095851672793, guid: 3c230d2e81311674184de2ff0fee559e,
        type: 3}
      propertyPath: m_Mesh
      value: 
      objectReference: {fileID: 0}
    - target: {fileID: 989641485949279907, guid: 3c230d2e81311674184de2ff0fee559e,
        type: 3}
      propertyPath: m_Mesh
      value: 
      objectReference: {fileID: 0}
    - target: {fileID: 989641485949279904, guid: 3c230d2e81311674184de2ff0fee559e,
        type: 3}
      propertyPath: m_Mesh
      value: 
      objectReference: {fileID: 0}
    - target: {fileID: 7679329038031887634, guid: 3c230d2e81311674184de2ff0fee559e,
        type: 3}
      propertyPath: m_Mesh
      value: 
      objectReference: {fileID: 0}
    - target: {fileID: 7679329038031887633, guid: 3c230d2e81311674184de2ff0fee559e,
        type: 3}
      propertyPath: m_Mesh
      value: 
      objectReference: {fileID: 0}
    - target: {fileID: 6686697090129714202, guid: 3c230d2e81311674184de2ff0fee559e,
        type: 3}
      propertyPath: m_Mesh
      value: 
      objectReference: {fileID: 0}
    - target: {fileID: 6686697090129714201, guid: 3c230d2e81311674184de2ff0fee559e,
        type: 3}
      propertyPath: m_Mesh
      value: 
      objectReference: {fileID: 0}
    m_RemovedComponents: []
  m_SourcePrefab: {fileID: 100100000, guid: 3c230d2e81311674184de2ff0fee559e, type: 3}
--- !u!4 &2977321441801663537 stripped
Transform:
  m_CorrespondingSourceObject: {fileID: 2893247523246388399, guid: 3c230d2e81311674184de2ff0fee559e,
    type: 3}
  m_PrefabInstance: {fileID: 105679941262950558}
  m_PrefabAsset: {fileID: 0}
--- !u!1001 &105679941699253657
PrefabInstance:
  m_ObjectHideFlags: 0
  serializedVersion: 2
  m_Modification:
    m_TransformParent: {fileID: 105679940946318111}
    m_Modifications:
    - target: {fileID: 1741783396118837731, guid: 44424f59ddf4c214c8c3128f8a3a0ffe,
        type: 3}
      propertyPath: m_Name
      value: BottomBuilding
      objectReference: {fileID: 0}
    - target: {fileID: 1741783396118837734, guid: 44424f59ddf4c214c8c3128f8a3a0ffe,
        type: 3}
      propertyPath: m_LocalPosition.x
      value: -2.5
      objectReference: {fileID: 0}
    - target: {fileID: 1741783396118837734, guid: 44424f59ddf4c214c8c3128f8a3a0ffe,
        type: 3}
      propertyPath: m_LocalPosition.y
      value: 0
      objectReference: {fileID: 0}
    - target: {fileID: 1741783396118837734, guid: 44424f59ddf4c214c8c3128f8a3a0ffe,
        type: 3}
      propertyPath: m_LocalPosition.z
      value: -7.5
      objectReference: {fileID: 0}
    - target: {fileID: 1741783396118837734, guid: 44424f59ddf4c214c8c3128f8a3a0ffe,
        type: 3}
      propertyPath: m_LocalRotation.x
      value: 0
      objectReference: {fileID: 0}
    - target: {fileID: 1741783396118837734, guid: 44424f59ddf4c214c8c3128f8a3a0ffe,
        type: 3}
      propertyPath: m_LocalRotation.y
      value: -0.7071068
      objectReference: {fileID: 0}
    - target: {fileID: 1741783396118837734, guid: 44424f59ddf4c214c8c3128f8a3a0ffe,
        type: 3}
      propertyPath: m_LocalRotation.z
      value: 0
      objectReference: {fileID: 0}
    - target: {fileID: 1741783396118837734, guid: 44424f59ddf4c214c8c3128f8a3a0ffe,
        type: 3}
      propertyPath: m_LocalRotation.w
      value: 0.7071068
      objectReference: {fileID: 0}
    - target: {fileID: 1741783396118837734, guid: 44424f59ddf4c214c8c3128f8a3a0ffe,
        type: 3}
      propertyPath: m_RootOrder
      value: 0
      objectReference: {fileID: 0}
    - target: {fileID: 1741783396118837734, guid: 44424f59ddf4c214c8c3128f8a3a0ffe,
        type: 3}
      propertyPath: m_LocalEulerAnglesHint.x
      value: 0
      objectReference: {fileID: 0}
    - target: {fileID: 1741783396118837734, guid: 44424f59ddf4c214c8c3128f8a3a0ffe,
        type: 3}
      propertyPath: m_LocalEulerAnglesHint.y
      value: -90
      objectReference: {fileID: 0}
    - target: {fileID: 1741783396118837734, guid: 44424f59ddf4c214c8c3128f8a3a0ffe,
        type: 3}
      propertyPath: m_LocalEulerAnglesHint.z
      value: 0
      objectReference: {fileID: 0}
    - target: {fileID: 1741783396118837734, guid: 44424f59ddf4c214c8c3128f8a3a0ffe,
        type: 3}
      propertyPath: m_LocalScale.x
      value: 1.5
      objectReference: {fileID: 0}
    - target: {fileID: 1741783396118837734, guid: 44424f59ddf4c214c8c3128f8a3a0ffe,
        type: 3}
      propertyPath: m_LocalScale.y
      value: 1
      objectReference: {fileID: 0}
    - target: {fileID: 1741783396118837734, guid: 44424f59ddf4c214c8c3128f8a3a0ffe,
        type: 3}
      propertyPath: m_LocalScale.z
      value: 1
      objectReference: {fileID: 0}
    - target: {fileID: 1741783396118837735, guid: 44424f59ddf4c214c8c3128f8a3a0ffe,
        type: 3}
      propertyPath: m_Mesh
      value: 
      objectReference: {fileID: 0}
    - target: {fileID: 1741783396118837730, guid: 44424f59ddf4c214c8c3128f8a3a0ffe,
        type: 3}
      propertyPath: m_Mesh
      value: 
      objectReference: {fileID: 0}
    m_RemovedComponents: []
  m_SourcePrefab: {fileID: 100100000, guid: 44424f59ddf4c214c8c3128f8a3a0ffe, type: 3}
--- !u!4 &1827192190875995263 stripped
Transform:
  m_CorrespondingSourceObject: {fileID: 1741783396118837734, guid: 44424f59ddf4c214c8c3128f8a3a0ffe,
    type: 3}
  m_PrefabInstance: {fileID: 105679941699253657}
  m_PrefabAsset: {fileID: 0}
--- !u!1001 &1695678796409835027
PrefabInstance:
  m_ObjectHideFlags: 0
  serializedVersion: 2
  m_Modification:
    m_TransformParent: {fileID: 105679940946318111}
    m_Modifications:
    - target: {fileID: 8178531057699953113, guid: ea2901911d13b7b4c84d2ab024685c9e,
        type: 3}
      propertyPath: m_Name
      value: EmptyBuilding (3)
      objectReference: {fileID: 0}
    - target: {fileID: 8178531057699953118, guid: ea2901911d13b7b4c84d2ab024685c9e,
        type: 3}
      propertyPath: m_LocalPosition.x
      value: -6.4000006
      objectReference: {fileID: 0}
    - target: {fileID: 8178531057699953118, guid: ea2901911d13b7b4c84d2ab024685c9e,
        type: 3}
      propertyPath: m_LocalPosition.y
      value: 29.029999
      objectReference: {fileID: 0}
    - target: {fileID: 8178531057699953118, guid: ea2901911d13b7b4c84d2ab024685c9e,
        type: 3}
      propertyPath: m_LocalPosition.z
      value: -6.5
      objectReference: {fileID: 0}
    - target: {fileID: 8178531057699953118, guid: ea2901911d13b7b4c84d2ab024685c9e,
        type: 3}
      propertyPath: m_LocalRotation.x
      value: -0
      objectReference: {fileID: 0}
    - target: {fileID: 8178531057699953118, guid: ea2901911d13b7b4c84d2ab024685c9e,
        type: 3}
      propertyPath: m_LocalRotation.y
      value: -0.7071068
      objectReference: {fileID: 0}
    - target: {fileID: 8178531057699953118, guid: ea2901911d13b7b4c84d2ab024685c9e,
        type: 3}
      propertyPath: m_LocalRotation.z
      value: -0
      objectReference: {fileID: 0}
    - target: {fileID: 8178531057699953118, guid: ea2901911d13b7b4c84d2ab024685c9e,
        type: 3}
      propertyPath: m_LocalRotation.w
      value: 0.7071068
      objectReference: {fileID: 0}
    - target: {fileID: 8178531057699953118, guid: ea2901911d13b7b4c84d2ab024685c9e,
        type: 3}
      propertyPath: m_RootOrder
      value: 13
      objectReference: {fileID: 0}
    - target: {fileID: 8178531057699953118, guid: ea2901911d13b7b4c84d2ab024685c9e,
        type: 3}
      propertyPath: m_LocalEulerAnglesHint.x
      value: 0
      objectReference: {fileID: 0}
    - target: {fileID: 8178531057699953118, guid: ea2901911d13b7b4c84d2ab024685c9e,
        type: 3}
      propertyPath: m_LocalEulerAnglesHint.y
      value: -90
      objectReference: {fileID: 0}
    - target: {fileID: 8178531057699953118, guid: ea2901911d13b7b4c84d2ab024685c9e,
        type: 3}
      propertyPath: m_LocalEulerAnglesHint.z
      value: 0
      objectReference: {fileID: 0}
    - target: {fileID: 8178531057699953118, guid: ea2901911d13b7b4c84d2ab024685c9e,
        type: 3}
      propertyPath: m_LocalScale.x
      value: 1.245117
      objectReference: {fileID: 0}
    - target: {fileID: 8178531057699953118, guid: ea2901911d13b7b4c84d2ab024685c9e,
        type: 3}
      propertyPath: m_LocalScale.y
      value: 0.9999998
      objectReference: {fileID: 0}
    - target: {fileID: 8178531057699953118, guid: ea2901911d13b7b4c84d2ab024685c9e,
        type: 3}
      propertyPath: m_LocalScale.z
      value: -0.52887744
      objectReference: {fileID: 0}
    - target: {fileID: 8178531057699953117, guid: ea2901911d13b7b4c84d2ab024685c9e,
        type: 3}
      propertyPath: m_Mesh
      value: 
      objectReference: {fileID: 0}
    - target: {fileID: 8178531057699953114, guid: ea2901911d13b7b4c84d2ab024685c9e,
        type: 3}
      propertyPath: m_Mesh
      value: 
      objectReference: {fileID: 0}
    m_RemovedComponents: []
  m_SourcePrefab: {fileID: 100100000, guid: ea2901911d13b7b4c84d2ab024685c9e, type: 3}
--- !u!4 &7419601546995767245 stripped
Transform:
  m_CorrespondingSourceObject: {fileID: 8178531057699953118, guid: ea2901911d13b7b4c84d2ab024685c9e,
    type: 3}
  m_PrefabInstance: {fileID: 1695678796409835027}
  m_PrefabAsset: {fileID: 0}
--- !u!1001 &2277384173753663820
PrefabInstance:
  m_ObjectHideFlags: 0
  serializedVersion: 2
  m_Modification:
    m_TransformParent: {fileID: 105679940946318111}
    m_Modifications:
    - target: {fileID: 1741783396118837731, guid: 44424f59ddf4c214c8c3128f8a3a0ffe,
        type: 3}
      propertyPath: m_Name
      value: BottomBuilding (1)
      objectReference: {fileID: 0}
    - target: {fileID: 1741783396118837734, guid: 44424f59ddf4c214c8c3128f8a3a0ffe,
        type: 3}
      propertyPath: m_LocalPosition.x
      value: -1.339999
      objectReference: {fileID: 0}
    - target: {fileID: 1741783396118837734, guid: 44424f59ddf4c214c8c3128f8a3a0ffe,
        type: 3}
      propertyPath: m_LocalPosition.y
      value: 0
      objectReference: {fileID: 0}
    - target: {fileID: 1741783396118837734, guid: 44424f59ddf4c214c8c3128f8a3a0ffe,
        type: 3}
      propertyPath: m_LocalPosition.z
      value: -7.499999
      objectReference: {fileID: 0}
    - target: {fileID: 1741783396118837734, guid: 44424f59ddf4c214c8c3128f8a3a0ffe,
        type: 3}
      propertyPath: m_LocalRotation.x
      value: -0
      objectReference: {fileID: 0}
    - target: {fileID: 1741783396118837734, guid: 44424f59ddf4c214c8c3128f8a3a0ffe,
        type: 3}
      propertyPath: m_LocalRotation.y
      value: -0.7071068
      objectReference: {fileID: 0}
    - target: {fileID: 1741783396118837734, guid: 44424f59ddf4c214c8c3128f8a3a0ffe,
        type: 3}
      propertyPath: m_LocalRotation.z
      value: -0
      objectReference: {fileID: 0}
    - target: {fileID: 1741783396118837734, guid: 44424f59ddf4c214c8c3128f8a3a0ffe,
        type: 3}
      propertyPath: m_LocalRotation.w
      value: 0.7071068
      objectReference: {fileID: 0}
    - target: {fileID: 1741783396118837734, guid: 44424f59ddf4c214c8c3128f8a3a0ffe,
        type: 3}
      propertyPath: m_RootOrder
      value: 8
      objectReference: {fileID: 0}
    - target: {fileID: 1741783396118837734, guid: 44424f59ddf4c214c8c3128f8a3a0ffe,
        type: 3}
      propertyPath: m_LocalEulerAnglesHint.x
      value: 0
      objectReference: {fileID: 0}
    - target: {fileID: 1741783396118837734, guid: 44424f59ddf4c214c8c3128f8a3a0ffe,
        type: 3}
      propertyPath: m_LocalEulerAnglesHint.y
      value: -90
      objectReference: {fileID: 0}
    - target: {fileID: 1741783396118837734, guid: 44424f59ddf4c214c8c3128f8a3a0ffe,
        type: 3}
      propertyPath: m_LocalEulerAnglesHint.z
      value: 0
      objectReference: {fileID: 0}
    - target: {fileID: 1741783396118837734, guid: 44424f59ddf4c214c8c3128f8a3a0ffe,
        type: 3}
      propertyPath: m_LocalScale.x
      value: 1.5000006
      objectReference: {fileID: 0}
    - target: {fileID: 1741783396118837734, guid: 44424f59ddf4c214c8c3128f8a3a0ffe,
        type: 3}
      propertyPath: m_LocalScale.y
      value: 0.9999998
      objectReference: {fileID: 0}
    - target: {fileID: 1741783396118837734, guid: 44424f59ddf4c214c8c3128f8a3a0ffe,
        type: 3}
      propertyPath: m_LocalScale.z
      value: -0.8622532
      objectReference: {fileID: 0}
    - target: {fileID: 1741783396118837735, guid: 44424f59ddf4c214c8c3128f8a3a0ffe,
        type: 3}
      propertyPath: m_Mesh
      value: 
      objectReference: {fileID: 0}
    - target: {fileID: 1741783396118837730, guid: 44424f59ddf4c214c8c3128f8a3a0ffe,
        type: 3}
      propertyPath: m_Mesh
      value: 
      objectReference: {fileID: 0}
    m_RemovedComponents: []
  m_SourcePrefab: {fileID: 100100000, guid: 44424f59ddf4c214c8c3128f8a3a0ffe, type: 3}
--- !u!4 &555888968080111786 stripped
Transform:
  m_CorrespondingSourceObject: {fileID: 1741783396118837734, guid: 44424f59ddf4c214c8c3128f8a3a0ffe,
    type: 3}
  m_PrefabInstance: {fileID: 2277384173753663820}
  m_PrefabAsset: {fileID: 0}
--- !u!1001 &3467976351509832672
PrefabInstance:
  m_ObjectHideFlags: 0
  serializedVersion: 2
  m_Modification:
    m_TransformParent: {fileID: 105679940946318111}
    m_Modifications:
    - target: {fileID: 2893247523246386002, guid: 3c230d2e81311674184de2ff0fee559e,
        type: 3}
      propertyPath: m_Name
      value: MiddleBuilding (3)
      objectReference: {fileID: 0}
    - target: {fileID: 2893247523246388399, guid: 3c230d2e81311674184de2ff0fee559e,
        type: 3}
      propertyPath: m_LocalPosition.x
      value: -0.25999916
      objectReference: {fileID: 0}
    - target: {fileID: 2893247523246388399, guid: 3c230d2e81311674184de2ff0fee559e,
        type: 3}
      propertyPath: m_LocalPosition.y
      value: 21.51
      objectReference: {fileID: 0}
    - target: {fileID: 2893247523246388399, guid: 3c230d2e81311674184de2ff0fee559e,
        type: 3}
      propertyPath: m_LocalPosition.z
      value: -6.979999
      objectReference: {fileID: 0}
    - target: {fileID: 2893247523246388399, guid: 3c230d2e81311674184de2ff0fee559e,
        type: 3}
      propertyPath: m_LocalRotation.x
      value: -0
      objectReference: {fileID: 0}
    - target: {fileID: 2893247523246388399, guid: 3c230d2e81311674184de2ff0fee559e,
        type: 3}
      propertyPath: m_LocalRotation.y
      value: -0.7071068
      objectReference: {fileID: 0}
    - target: {fileID: 2893247523246388399, guid: 3c230d2e81311674184de2ff0fee559e,
        type: 3}
      propertyPath: m_LocalRotation.z
      value: -0
      objectReference: {fileID: 0}
    - target: {fileID: 2893247523246388399, guid: 3c230d2e81311674184de2ff0fee559e,
        type: 3}
      propertyPath: m_LocalRotation.w
      value: 0.7071068
      objectReference: {fileID: 0}
    - target: {fileID: 2893247523246388399, guid: 3c230d2e81311674184de2ff0fee559e,
        type: 3}
      propertyPath: m_RootOrder
      value: 11
      objectReference: {fileID: 0}
    - target: {fileID: 2893247523246388399, guid: 3c230d2e81311674184de2ff0fee559e,
        type: 3}
      propertyPath: m_LocalEulerAnglesHint.x
      value: 0
      objectReference: {fileID: 0}
    - target: {fileID: 2893247523246388399, guid: 3c230d2e81311674184de2ff0fee559e,
        type: 3}
      propertyPath: m_LocalEulerAnglesHint.y
      value: -90
      objectReference: {fileID: 0}
    - target: {fileID: 2893247523246388399, guid: 3c230d2e81311674184de2ff0fee559e,
        type: 3}
      propertyPath: m_LocalEulerAnglesHint.z
      value: 0
      objectReference: {fileID: 0}
    - target: {fileID: 2893247523246388399, guid: 3c230d2e81311674184de2ff0fee559e,
        type: 3}
      propertyPath: m_LocalScale.x
      value: 1.3373005
      objectReference: {fileID: 0}
    - target: {fileID: 2893247523246388399, guid: 3c230d2e81311674184de2ff0fee559e,
        type: 3}
      propertyPath: m_LocalScale.y
      value: 7.735699
      objectReference: {fileID: 0}
    - target: {fileID: 2893247523246388399, guid: 3c230d2e81311674184de2ff0fee559e,
        type: 3}
      propertyPath: m_LocalScale.z
      value: -0.64045304
      objectReference: {fileID: 0}
    - target: {fileID: 2893247523246386003, guid: 3c230d2e81311674184de2ff0fee559e,
        type: 3}
      propertyPath: m_Mesh
      value: 
      objectReference: {fileID: 0}
    - target: {fileID: 2893247523246388398, guid: 3c230d2e81311674184de2ff0fee559e,
        type: 3}
      propertyPath: m_Mesh
      value: 
      objectReference: {fileID: 0}
    - target: {fileID: 8245857095851672794, guid: 3c230d2e81311674184de2ff0fee559e,
        type: 3}
      propertyPath: m_Mesh
      value: 
      objectReference: {fileID: 0}
    - target: {fileID: 8245857095851672793, guid: 3c230d2e81311674184de2ff0fee559e,
        type: 3}
      propertyPath: m_Mesh
      value: 
      objectReference: {fileID: 0}
    - target: {fileID: 989641485949279907, guid: 3c230d2e81311674184de2ff0fee559e,
        type: 3}
      propertyPath: m_Mesh
      value: 
      objectReference: {fileID: 0}
    - target: {fileID: 989641485949279904, guid: 3c230d2e81311674184de2ff0fee559e,
        type: 3}
      propertyPath: m_Mesh
      value: 
      objectReference: {fileID: 0}
    - target: {fileID: 7679329038031887634, guid: 3c230d2e81311674184de2ff0fee559e,
        type: 3}
      propertyPath: m_Mesh
      value: 
      objectReference: {fileID: 0}
    - target: {fileID: 7679329038031887633, guid: 3c230d2e81311674184de2ff0fee559e,
        type: 3}
      propertyPath: m_Mesh
      value: 
      objectReference: {fileID: 0}
    - target: {fileID: 6686697090129714202, guid: 3c230d2e81311674184de2ff0fee559e,
        type: 3}
      propertyPath: m_Mesh
      value: 
      objectReference: {fileID: 0}
    - target: {fileID: 6686697090129714201, guid: 3c230d2e81311674184de2ff0fee559e,
        type: 3}
      propertyPath: m_Mesh
      value: 
      objectReference: {fileID: 0}
    m_RemovedComponents: []
  m_SourcePrefab: {fileID: 100100000, guid: 3c230d2e81311674184de2ff0fee559e, type: 3}
--- !u!4 &1731171527658035023 stripped
Transform:
  m_CorrespondingSourceObject: {fileID: 2893247523246388399, guid: 3c230d2e81311674184de2ff0fee559e,
    type: 3}
  m_PrefabInstance: {fileID: 3467976351509832672}
  m_PrefabAsset: {fileID: 0}
--- !u!1001 &4259317852423271867
PrefabInstance:
  m_ObjectHideFlags: 0
  serializedVersion: 2
  m_Modification:
    m_TransformParent: {fileID: 105679940946318111}
    m_Modifications:
    - target: {fileID: 1409527015707003115, guid: d97955cb7ca98dd4e80cdaeaca2c46ff,
        type: 3}
      propertyPath: m_Name
      value: BonusSpawner
      objectReference: {fileID: 0}
    - target: {fileID: 1409527015707003115, guid: d97955cb7ca98dd4e80cdaeaca2c46ff,
        type: 3}
      propertyPath: m_Icon
      value: 
      objectReference: {fileID: 5721338939258241955, guid: 0000000000000000d000000000000000,
        type: 0}
    - target: {fileID: 1958541707303460592, guid: d97955cb7ca98dd4e80cdaeaca2c46ff,
        type: 3}
      propertyPath: m_LocalPosition.x
      value: -0.32
      objectReference: {fileID: 0}
    - target: {fileID: 1958541707303460592, guid: d97955cb7ca98dd4e80cdaeaca2c46ff,
        type: 3}
      propertyPath: m_LocalPosition.y
      value: 17.7
      objectReference: {fileID: 0}
    - target: {fileID: 1958541707303460592, guid: d97955cb7ca98dd4e80cdaeaca2c46ff,
        type: 3}
      propertyPath: m_LocalPosition.z
      value: 0
      objectReference: {fileID: 0}
    - target: {fileID: 1958541707303460592, guid: d97955cb7ca98dd4e80cdaeaca2c46ff,
        type: 3}
      propertyPath: m_LocalRotation.x
      value: 0
      objectReference: {fileID: 0}
    - target: {fileID: 1958541707303460592, guid: d97955cb7ca98dd4e80cdaeaca2c46ff,
        type: 3}
      propertyPath: m_LocalRotation.y
      value: -0.7071068
      objectReference: {fileID: 0}
    - target: {fileID: 1958541707303460592, guid: d97955cb7ca98dd4e80cdaeaca2c46ff,
        type: 3}
      propertyPath: m_LocalRotation.z
      value: 0
      objectReference: {fileID: 0}
    - target: {fileID: 1958541707303460592, guid: d97955cb7ca98dd4e80cdaeaca2c46ff,
        type: 3}
      propertyPath: m_LocalRotation.w
      value: 0.7071068
      objectReference: {fileID: 0}
    - target: {fileID: 1958541707303460592, guid: d97955cb7ca98dd4e80cdaeaca2c46ff,
        type: 3}
      propertyPath: m_RootOrder
      value: 6
      objectReference: {fileID: 0}
    - target: {fileID: 1958541707303460592, guid: d97955cb7ca98dd4e80cdaeaca2c46ff,
        type: 3}
      propertyPath: m_LocalEulerAnglesHint.x
      value: 0
      objectReference: {fileID: 0}
    - target: {fileID: 1958541707303460592, guid: d97955cb7ca98dd4e80cdaeaca2c46ff,
        type: 3}
      propertyPath: m_LocalEulerAnglesHint.y
      value: -90
      objectReference: {fileID: 0}
    - target: {fileID: 1958541707303460592, guid: d97955cb7ca98dd4e80cdaeaca2c46ff,
        type: 3}
      propertyPath: m_LocalEulerAnglesHint.z
      value: 0
      objectReference: {fileID: 0}
    - target: {fileID: 1958541707303460592, guid: d97955cb7ca98dd4e80cdaeaca2c46ff,
        type: 3}
      propertyPath: m_LocalScale.x
      value: 1
      objectReference: {fileID: 0}
    - target: {fileID: 1958541707303460592, guid: d97955cb7ca98dd4e80cdaeaca2c46ff,
        type: 3}
      propertyPath: m_LocalScale.y
      value: 1
      objectReference: {fileID: 0}
    - target: {fileID: 1958541707303460592, guid: d97955cb7ca98dd4e80cdaeaca2c46ff,
        type: 3}
      propertyPath: m_LocalScale.z
      value: 1
      objectReference: {fileID: 0}
    m_RemovedComponents: []
  m_SourcePrefab: {fileID: 100100000, guid: d97955cb7ca98dd4e80cdaeaca2c46ff, type: 3}
--- !u!4 &2319917081492400971 stripped
Transform:
  m_CorrespondingSourceObject: {fileID: 1958541707303460592, guid: d97955cb7ca98dd4e80cdaeaca2c46ff,
    type: 3}
  m_PrefabInstance: {fileID: 4259317852423271867}
  m_PrefabAsset: {fileID: 0}
--- !u!1001 &4462902539133106598
PrefabInstance:
  m_ObjectHideFlags: 0
  serializedVersion: 2
  m_Modification:
    m_TransformParent: {fileID: 105679940946318111}
    m_Modifications:
    - target: {fileID: 8178531057699953113, guid: ea2901911d13b7b4c84d2ab024685c9e,
        type: 3}
      propertyPath: m_Name
      value: EmptyBuilding (2)
      objectReference: {fileID: 0}
    - target: {fileID: 8178531057699953118, guid: ea2901911d13b7b4c84d2ab024685c9e,
        type: 3}
      propertyPath: m_LocalPosition.x
      value: -6.4
      objectReference: {fileID: 0}
    - target: {fileID: 8178531057699953118, guid: ea2901911d13b7b4c84d2ab024685c9e,
        type: 3}
      propertyPath: m_LocalPosition.y
      value: 14.799999
      objectReference: {fileID: 0}
    - target: {fileID: 8178531057699953118, guid: ea2901911d13b7b4c84d2ab024685c9e,
        type: 3}
      propertyPath: m_LocalPosition.z
      value: -6.499999
      objectReference: {fileID: 0}
    - target: {fileID: 8178531057699953118, guid: ea2901911d13b7b4c84d2ab024685c9e,
        type: 3}
      propertyPath: m_LocalRotation.x
      value: -0
      objectReference: {fileID: 0}
    - target: {fileID: 8178531057699953118, guid: ea2901911d13b7b4c84d2ab024685c9e,
        type: 3}
      propertyPath: m_LocalRotation.y
      value: -0.7071068
      objectReference: {fileID: 0}
    - target: {fileID: 8178531057699953118, guid: ea2901911d13b7b4c84d2ab024685c9e,
        type: 3}
      propertyPath: m_LocalRotation.z
      value: -0
      objectReference: {fileID: 0}
    - target: {fileID: 8178531057699953118, guid: ea2901911d13b7b4c84d2ab024685c9e,
        type: 3}
      propertyPath: m_LocalRotation.w
      value: 0.7071068
      objectReference: {fileID: 0}
    - target: {fileID: 8178531057699953118, guid: ea2901911d13b7b4c84d2ab024685c9e,
        type: 3}
      propertyPath: m_RootOrder
      value: 10
      objectReference: {fileID: 0}
    - target: {fileID: 8178531057699953118, guid: ea2901911d13b7b4c84d2ab024685c9e,
        type: 3}
      propertyPath: m_LocalEulerAnglesHint.x
      value: 0
      objectReference: {fileID: 0}
    - target: {fileID: 8178531057699953118, guid: ea2901911d13b7b4c84d2ab024685c9e,
        type: 3}
      propertyPath: m_LocalEulerAnglesHint.y
      value: -90
      objectReference: {fileID: 0}
    - target: {fileID: 8178531057699953118, guid: ea2901911d13b7b4c84d2ab024685c9e,
        type: 3}
      propertyPath: m_LocalEulerAnglesHint.z
      value: 0
      objectReference: {fileID: 0}
    - target: {fileID: 8178531057699953118, guid: ea2901911d13b7b4c84d2ab024685c9e,
        type: 3}
      propertyPath: m_LocalScale.x
      value: 1.245117
      objectReference: {fileID: 0}
    - target: {fileID: 8178531057699953118, guid: ea2901911d13b7b4c84d2ab024685c9e,
        type: 3}
      propertyPath: m_LocalScale.y
      value: 0.9999998
      objectReference: {fileID: 0}
    - target: {fileID: 8178531057699953118, guid: ea2901911d13b7b4c84d2ab024685c9e,
        type: 3}
      propertyPath: m_LocalScale.z
      value: -0.52887744
      objectReference: {fileID: 0}
    - target: {fileID: 8178531057699953117, guid: ea2901911d13b7b4c84d2ab024685c9e,
        type: 3}
      propertyPath: m_Mesh
      value: 
      objectReference: {fileID: 0}
    - target: {fileID: 8178531057699953114, guid: ea2901911d13b7b4c84d2ab024685c9e,
        type: 3}
      propertyPath: m_Mesh
      value: 
      objectReference: {fileID: 0}
    m_RemovedComponents: []
  m_SourcePrefab: {fileID: 100100000, guid: ea2901911d13b7b4c84d2ab024685c9e, type: 3}
--- !u!4 &5517068545609113720 stripped
Transform:
  m_CorrespondingSourceObject: {fileID: 8178531057699953118, guid: ea2901911d13b7b4c84d2ab024685c9e,
    type: 3}
  m_PrefabInstance: {fileID: 4462902539133106598}
  m_PrefabAsset: {fileID: 0}
--- !u!1001 &6866445900534639852
PrefabInstance:
  m_ObjectHideFlags: 0
  serializedVersion: 2
  m_Modification:
    m_TransformParent: {fileID: 105679940946318111}
    m_Modifications:
    - target: {fileID: 4326371163391985577, guid: 616833b7e357d324298b30c161dbc38f,
        type: 3}
      propertyPath: m_Name
      value: TopBuilding (1)
      objectReference: {fileID: 0}
    - target: {fileID: 4326371163391985490, guid: 616833b7e357d324298b30c161dbc38f,
        type: 3}
      propertyPath: m_LocalPosition.x
      value: -0.42999923
      objectReference: {fileID: 0}
    - target: {fileID: 4326371163391985490, guid: 616833b7e357d324298b30c161dbc38f,
        type: 3}
      propertyPath: m_LocalPosition.y
      value: 35.789997
      objectReference: {fileID: 0}
    - target: {fileID: 4326371163391985490, guid: 616833b7e357d324298b30c161dbc38f,
        type: 3}
      propertyPath: m_LocalPosition.z
      value: -6.9099994
      objectReference: {fileID: 0}
    - target: {fileID: 4326371163391985490, guid: 616833b7e357d324298b30c161dbc38f,
        type: 3}
      propertyPath: m_LocalRotation.x
      value: -0
      objectReference: {fileID: 0}
    - target: {fileID: 4326371163391985490, guid: 616833b7e357d324298b30c161dbc38f,
        type: 3}
      propertyPath: m_LocalRotation.y
      value: -0.7071068
      objectReference: {fileID: 0}
    - target: {fileID: 4326371163391985490, guid: 616833b7e357d324298b30c161dbc38f,
        type: 3}
      propertyPath: m_LocalRotation.z
      value: -0
      objectReference: {fileID: 0}
    - target: {fileID: 4326371163391985490, guid: 616833b7e357d324298b30c161dbc38f,
        type: 3}
      propertyPath: m_LocalRotation.w
      value: 0.7071068
      objectReference: {fileID: 0}
    - target: {fileID: 4326371163391985490, guid: 616833b7e357d324298b30c161dbc38f,
        type: 3}
      propertyPath: m_RootOrder
      value: 12
      objectReference: {fileID: 0}
    - target: {fileID: 4326371163391985490, guid: 616833b7e357d324298b30c161dbc38f,
        type: 3}
      propertyPath: m_LocalEulerAnglesHint.x
      value: 0
      objectReference: {fileID: 0}
    - target: {fileID: 4326371163391985490, guid: 616833b7e357d324298b30c161dbc38f,
        type: 3}
      propertyPath: m_LocalEulerAnglesHint.y
      value: -90
      objectReference: {fileID: 0}
    - target: {fileID: 4326371163391985490, guid: 616833b7e357d324298b30c161dbc38f,
        type: 3}
      propertyPath: m_LocalEulerAnglesHint.z
      value: 0
      objectReference: {fileID: 0}
    - target: {fileID: 4326371163391985490, guid: 616833b7e357d324298b30c161dbc38f,
        type: 3}
      propertyPath: m_LocalScale.x
      value: 1.3825005
      objectReference: {fileID: 0}
    - target: {fileID: 4326371163391985490, guid: 616833b7e357d324298b30c161dbc38f,
        type: 3}
      propertyPath: m_LocalScale.y
      value: 0.9999998
      objectReference: {fileID: 0}
    - target: {fileID: 4326371163391985490, guid: 616833b7e357d324298b30c161dbc38f,
        type: 3}
      propertyPath: m_LocalScale.z
      value: -0.6636621
      objectReference: {fileID: 0}
    - target: {fileID: 4326371163391985581, guid: 616833b7e357d324298b30c161dbc38f,
        type: 3}
      propertyPath: m_Mesh
      value: 
      objectReference: {fileID: 0}
    - target: {fileID: 4326371163391985582, guid: 616833b7e357d324298b30c161dbc38f,
        type: 3}
      propertyPath: m_Mesh
      value: 
      objectReference: {fileID: 0}
    m_RemovedComponents: []
  m_SourcePrefab: {fileID: 100100000, guid: 616833b7e357d324298b30c161dbc38f, type: 3}
--- !u!4 &7151962000832392126 stripped
Transform:
  m_CorrespondingSourceObject: {fileID: 4326371163391985490, guid: 616833b7e357d324298b30c161dbc38f,
    type: 3}
  m_PrefabInstance: {fileID: 6866445900534639852}
  m_PrefabAsset: {fileID: 0}
--- !u!1001 &7174752480470924543
PrefabInstance:
  m_ObjectHideFlags: 0
  serializedVersion: 2
  m_Modification:
    m_TransformParent: {fileID: 105679940946318111}
    m_Modifications:
    - target: {fileID: 1409527015707003115, guid: d97955cb7ca98dd4e80cdaeaca2c46ff,
        type: 3}
      propertyPath: m_Name
      value: BonusSpawner (1)
      objectReference: {fileID: 0}
    - target: {fileID: 1409527015707003115, guid: d97955cb7ca98dd4e80cdaeaca2c46ff,
        type: 3}
      propertyPath: m_Icon
      value: 
      objectReference: {fileID: 5721338939258241955, guid: 0000000000000000d000000000000000,
        type: 0}
    - target: {fileID: 1958541707303460592, guid: d97955cb7ca98dd4e80cdaeaca2c46ff,
        type: 3}
      propertyPath: m_LocalPosition.x
      value: -0.31999996
      objectReference: {fileID: 0}
    - target: {fileID: 1958541707303460592, guid: d97955cb7ca98dd4e80cdaeaca2c46ff,
        type: 3}
      propertyPath: m_LocalPosition.y
      value: 32.16
      objectReference: {fileID: 0}
    - target: {fileID: 1958541707303460592, guid: d97955cb7ca98dd4e80cdaeaca2c46ff,
        type: 3}
      propertyPath: m_LocalPosition.z
      value: 0
      objectReference: {fileID: 0}
    - target: {fileID: 1958541707303460592, guid: d97955cb7ca98dd4e80cdaeaca2c46ff,
        type: 3}
      propertyPath: m_LocalRotation.x
      value: 0
      objectReference: {fileID: 0}
    - target: {fileID: 1958541707303460592, guid: d97955cb7ca98dd4e80cdaeaca2c46ff,
        type: 3}
      propertyPath: m_LocalRotation.y
      value: -0.7071068
      objectReference: {fileID: 0}
    - target: {fileID: 1958541707303460592, guid: d97955cb7ca98dd4e80cdaeaca2c46ff,
        type: 3}
      propertyPath: m_LocalRotation.z
      value: 0
      objectReference: {fileID: 0}
    - target: {fileID: 1958541707303460592, guid: d97955cb7ca98dd4e80cdaeaca2c46ff,
        type: 3}
      propertyPath: m_LocalRotation.w
      value: 0.7071068
      objectReference: {fileID: 0}
    - target: {fileID: 1958541707303460592, guid: d97955cb7ca98dd4e80cdaeaca2c46ff,
        type: 3}
      propertyPath: m_RootOrder
      value: 7
      objectReference: {fileID: 0}
    - target: {fileID: 1958541707303460592, guid: d97955cb7ca98dd4e80cdaeaca2c46ff,
        type: 3}
      propertyPath: m_LocalEulerAnglesHint.x
      value: 0
      objectReference: {fileID: 0}
    - target: {fileID: 1958541707303460592, guid: d97955cb7ca98dd4e80cdaeaca2c46ff,
        type: 3}
      propertyPath: m_LocalEulerAnglesHint.y
      value: -90
      objectReference: {fileID: 0}
    - target: {fileID: 1958541707303460592, guid: d97955cb7ca98dd4e80cdaeaca2c46ff,
        type: 3}
      propertyPath: m_LocalEulerAnglesHint.z
      value: 0
      objectReference: {fileID: 0}
    - target: {fileID: 1958541707303460592, guid: d97955cb7ca98dd4e80cdaeaca2c46ff,
        type: 3}
      propertyPath: m_LocalScale.x
      value: 0.9999998
      objectReference: {fileID: 0}
    - target: {fileID: 1958541707303460592, guid: d97955cb7ca98dd4e80cdaeaca2c46ff,
        type: 3}
      propertyPath: m_LocalScale.y
      value: 0.9999998
      objectReference: {fileID: 0}
    - target: {fileID: 1958541707303460592, guid: d97955cb7ca98dd4e80cdaeaca2c46ff,
        type: 3}
      propertyPath: m_LocalScale.z
      value: 0.9999998
      objectReference: {fileID: 0}
    m_RemovedComponents: []
  m_SourcePrefab: {fileID: 100100000, guid: d97955cb7ca98dd4e80cdaeaca2c46ff, type: 3}
--- !u!4 &8700941355738620431 stripped
Transform:
  m_CorrespondingSourceObject: {fileID: 1958541707303460592, guid: d97955cb7ca98dd4e80cdaeaca2c46ff,
    type: 3}
  m_PrefabInstance: {fileID: 7174752480470924543}
  m_PrefabAsset: {fileID: 0}
--- !u!1001 &8863485124094428174
PrefabInstance:
  m_ObjectHideFlags: 0
  serializedVersion: 2
  m_Modification:
    m_TransformParent: {fileID: 105679940946318111}
    m_Modifications:
    - target: {fileID: 2893247523246386002, guid: 3c230d2e81311674184de2ff0fee559e,
        type: 3}
      propertyPath: m_Name
      value: MiddleBuilding (2)
      objectReference: {fileID: 0}
    - target: {fileID: 2893247523246388399, guid: 3c230d2e81311674184de2ff0fee559e,
        type: 3}
      propertyPath: m_LocalPosition.x
      value: -0.25999904
      objectReference: {fileID: 0}
    - target: {fileID: 2893247523246388399, guid: 3c230d2e81311674184de2ff0fee559e,
        type: 3}
      propertyPath: m_LocalPosition.y
      value: 7.3699994
      objectReference: {fileID: 0}
    - target: {fileID: 2893247523246388399, guid: 3c230d2e81311674184de2ff0fee559e,
        type: 3}
      propertyPath: m_LocalPosition.z
      value: -6.9799995
      objectReference: {fileID: 0}
    - target: {fileID: 2893247523246388399, guid: 3c230d2e81311674184de2ff0fee559e,
        type: 3}
      propertyPath: m_LocalRotation.x
      value: -0
      objectReference: {fileID: 0}
    - target: {fileID: 2893247523246388399, guid: 3c230d2e81311674184de2ff0fee559e,
        type: 3}
      propertyPath: m_LocalRotation.y
      value: -0.7071068
      objectReference: {fileID: 0}
    - target: {fileID: 2893247523246388399, guid: 3c230d2e81311674184de2ff0fee559e,
        type: 3}
      propertyPath: m_LocalRotation.z
      value: -0
      objectReference: {fileID: 0}
    - target: {fileID: 2893247523246388399, guid: 3c230d2e81311674184de2ff0fee559e,
        type: 3}
      propertyPath: m_LocalRotation.w
      value: 0.7071068
      objectReference: {fileID: 0}
    - target: {fileID: 2893247523246388399, guid: 3c230d2e81311674184de2ff0fee559e,
        type: 3}
      propertyPath: m_RootOrder
      value: 9
      objectReference: {fileID: 0}
    - target: {fileID: 2893247523246388399, guid: 3c230d2e81311674184de2ff0fee559e,
        type: 3}
      propertyPath: m_LocalEulerAnglesHint.x
      value: 0
      objectReference: {fileID: 0}
    - target: {fileID: 2893247523246388399, guid: 3c230d2e81311674184de2ff0fee559e,
        type: 3}
      propertyPath: m_LocalEulerAnglesHint.y
      value: -90
      objectReference: {fileID: 0}
    - target: {fileID: 2893247523246388399, guid: 3c230d2e81311674184de2ff0fee559e,
        type: 3}
      propertyPath: m_LocalEulerAnglesHint.z
      value: 0
      objectReference: {fileID: 0}
    - target: {fileID: 2893247523246388399, guid: 3c230d2e81311674184de2ff0fee559e,
        type: 3}
      propertyPath: m_LocalScale.x
      value: 1.3373005
      objectReference: {fileID: 0}
    - target: {fileID: 2893247523246388399, guid: 3c230d2e81311674184de2ff0fee559e,
        type: 3}
      propertyPath: m_LocalScale.y
      value: 7.735699
      objectReference: {fileID: 0}
    - target: {fileID: 2893247523246388399, guid: 3c230d2e81311674184de2ff0fee559e,
        type: 3}
      propertyPath: m_LocalScale.z
      value: -0.64045304
      objectReference: {fileID: 0}
    - target: {fileID: 2893247523246386003, guid: 3c230d2e81311674184de2ff0fee559e,
        type: 3}
      propertyPath: m_Mesh
      value: 
      objectReference: {fileID: 0}
    - target: {fileID: 2893247523246388398, guid: 3c230d2e81311674184de2ff0fee559e,
        type: 3}
      propertyPath: m_Mesh
      value: 
      objectReference: {fileID: 0}
    - target: {fileID: 8245857095851672794, guid: 3c230d2e81311674184de2ff0fee559e,
        type: 3}
      propertyPath: m_Mesh
      value: 
      objectReference: {fileID: 0}
    - target: {fileID: 8245857095851672793, guid: 3c230d2e81311674184de2ff0fee559e,
        type: 3}
      propertyPath: m_Mesh
      value: 
      objectReference: {fileID: 0}
    - target: {fileID: 989641485949279907, guid: 3c230d2e81311674184de2ff0fee559e,
        type: 3}
      propertyPath: m_Mesh
      value: 
      objectReference: {fileID: 0}
    - target: {fileID: 989641485949279904, guid: 3c230d2e81311674184de2ff0fee559e,
        type: 3}
      propertyPath: m_Mesh
      value: 
      objectReference: {fileID: 0}
    - target: {fileID: 7679329038031887634, guid: 3c230d2e81311674184de2ff0fee559e,
        type: 3}
      propertyPath: m_Mesh
      value: 
      objectReference: {fileID: 0}
    - target: {fileID: 7679329038031887633, guid: 3c230d2e81311674184de2ff0fee559e,
        type: 3}
      propertyPath: m_Mesh
      value: 
      objectReference: {fileID: 0}
    - target: {fileID: 6686697090129714202, guid: 3c230d2e81311674184de2ff0fee559e,
        type: 3}
      propertyPath: m_Mesh
      value: 
      objectReference: {fileID: 0}
    - target: {fileID: 6686697090129714201, guid: 3c230d2e81311674184de2ff0fee559e,
        type: 3}
      propertyPath: m_Mesh
      value: 
      objectReference: {fileID: 0}
    m_RemovedComponents: []
  m_SourcePrefab: {fileID: 100100000, guid: 3c230d2e81311674184de2ff0fee559e, type: 3}
--- !u!4 &5991913450467143841 stripped
Transform:
  m_CorrespondingSourceObject: {fileID: 2893247523246388399, guid: 3c230d2e81311674184de2ff0fee559e,
    type: 3}
  m_PrefabInstance: {fileID: 8863485124094428174}
  m_PrefabAsset: {fileID: 0}
